<collection xmlns="http://www.loc.gov/MARC21/slim">
<record>
  <leader>02544nam0a22004331i 450 </leader>
  <controlfield tag="001">IT\ICCU\CNCE\035473</controlfield>
  <controlfield tag="005">20050907000000.0</controlfield>
  <datafield tag="012" ind1=" " ind2=" ">
    <subfield code="a">nuos .I.I t.e&amp; manu (3) 1577 (R)</subfield>
    <subfield code="2">fei</subfield>
  </datafield>
  <datafield tag="100" ind1=" " ind2=" ">
    <subfield code="a">19980112d1577        0itac0103    ba</subfield>
  </datafield>
  <datafield tag="101" ind1=" " ind2=" ">
    <subfield code="a">LAT</subfield>
  </datafield>
  <datafield tag="102" ind1=" " ind2=" ">
    <subfield code="a">IT</subfield>
  </datafield>
  <datafield tag="200" ind1="1" ind2=" ">
    <subfield code="a">℗S. Isidori iunioris Hispalensis epis. ℗Sententiarum de summo bono lib. III. Ad pristinum nitorem, ac veterum codicum fidem iam primum accurate restituti. Cum indice capitum &amp; priuilegio</subfield>
  </datafield>
  <datafield tag="210" ind1=" " ind2=" ">
    <subfield code="a">Calari</subfield>
    <subfield code="c">excudebat Franciscus Guarnerius lugdunensis</subfield>
    <subfield code="c">typis r. Nicolai Cannellas i.v.d. canonici ac vicarij generalis Calaritani</subfield>
    <subfield code="d">1577</subfield>
  </datafield>
  <datafield tag="215" ind1=" " ind2=" ">
    <subfield code="a">\24!, 295 p.</subfield>
    <subfield code="d">16ʻ</subfield>
  </datafield>
  <datafield tag="620" ind1=" " ind2=" ">
    <subfield code="a">IT</subfield>
    <subfield code="d">Cagliari</subfield>
  </datafield>
  <datafield tag="700" ind1=" " ind2="0">
    <subfield code="a">Isidorus</subfield>
    <subfield code="c"> : Hispalensis</subfield>
    <subfield code="c"> &lt;santo&gt;</subfield>
    <subfield code="3">IT\ICCU\CNCA\005620</subfield>
  </datafield>
  <datafield tag="702" ind1=" " ind2="1">
    <subfield code="a">Trithemius,</subfield>
    <subfield code="b">Johannes</subfield>
    <subfield code="3">IT\ICCU\CNCA\008674</subfield>
  </datafield>
  <datafield tag="702" ind1=" " ind2="0">
    <subfield code="a">Braulio</subfield>
    <subfield code="c"> &lt;santo&gt;</subfield>
    <subfield code="3">IT\ICCU\CNCA\023020</subfield>
  </datafield>
  <datafield tag="712" ind1="0" ind2="0">
    <subfield code="a">Guarnerio, Francesco</subfield>
    <subfield code="3">IT\ICCU\CNCT\000609</subfield>
    <subfield code="4">650</subfield>
  </datafield>
  <datafield tag="712" ind1="0" ind2="0">
    <subfield code="a"></subfield>
    <subfield code="3">IT\ICCU\CNCT\000480</subfield>
    <subfield code="4">650</subfield>
  </datafield>
  <datafield tag="790" ind1=" " ind2="0">
    <subfield code="a">Isidoro</subfield>
    <subfield code="c"> : di#Siviglia</subfield>
    <subfield code="c"> &lt;santo&gt;</subfield>
    <subfield code="3">IT\ICCU\CNCA\014540</subfield>
    <subfield code="z">Isidorus : Hispalensis &lt;santo&gt;</subfield>
  </datafield>
  <datafield tag="790" ind1=" " ind2="1">
    <subfield code="a">Sevilla,</subfield>
    <subfield code="b">Isidoro : de</subfield>
    <subfield code="3">IT\ICCU\CNCA\020145</subfield>
    <subfield code="z">Isidorus : Hispalensis &lt;santo&gt;</subfield>
  </datafield>
  <datafield tag="790" ind1=" " ind2="1">
    <subfield code="a">Hiedenberg von Trittenheim,</subfield>
    <subfield code="b">Johann : von</subfield>
    <subfield code="3">IT\ICCU\CNCA\024899</subfield>
    <subfield code="z">Trithemius, Johannes</subfield>
  </datafield>
  <datafield tag="790" ind1=" " ind2="0">
    <subfield code="a">Braulius</subfield>
    <subfield code="c"> &lt;sanctus&gt;</subfield>
    <subfield code="3">IT\ICCU\CNCA\023769</subfield>
    <subfield code="z">Braulio &lt;santo&gt;</subfield>
  </datafield>
  <datafield tag="790" ind1=" " ind2="0">
    <subfield code="a">Braulio</subfield>
    <subfield code="c"> : di#Saragozza</subfield>
    <subfield code="3">IT\ICCU\CNCA\023770</subfield>
    <subfield code="z">Braulio &lt;santo&gt;</subfield>
  </datafield>
  <datafield tag="791" ind1="0" ind2="0">
    <subfield code="a">Guarnerius, Franciscus</subfield>
    <subfield code="3">IT\ICCU\CNCT\005062</subfield>
    <subfield code="z">Guarnerio, Francesco</subfield>
  </datafield>
  <datafield tag="791" ind1="0" ind2="0">
    <subfield code="a">Guarner, Francisco</subfield>
    <subfield code="3">IT\ICCU\CNCT\005063</subfield>
    <subfield code="z">Guarnerio, Francesco</subfield>
  </datafield>
  <datafield tag="791" ind1="0" ind2="0">
    <subfield code="a">Guarneriu, Franciscu</subfield>
    <subfield code="3">IT\ICCU\CNCT\005064</subfield>
    <subfield code="z">Guarnerio, Francesco</subfield>
  </datafield>
  <datafield tag="791" ind1="0" ind2="0">
    <subfield code="a">Canyellas, Nicolaus</subfield>
    <subfield code="3">IT\ICCU\CNCT\003133</subfield>
    <subfield code="z"></subfield>
  </datafield>
  <datafield tag="791" ind1="0" ind2="0">
    <subfield code="a">Cannyelles, Nicolaus</subfield>
    <subfield code="3">IT\ICCU\CNCT\003134</subfield>
    <subfield code="z"></subfield>
  </datafield>
  <datafield tag="791" ind1="0" ind2="0">
    <subfield code="a">Canellas, Nicolau</subfield>
    <subfield code="3">IT\ICCU\CNCT\004434</subfield>
    <subfield code="z"></subfield>
  </datafield>
  <datafield tag="801" ind1=" " ind2="3">
    <subfield code="a">IT</subfield>
    <subfield code="b">ICCU</subfield>
    <subfield code="c">20201114</subfield>
  </datafield>
  <datafield tag="899" ind1=" " ind2=" ">
    <subfield code="a">Biblioteca comunale Francesco Cini. Osimo</subfield>
    <subfield code="1">AN0054</subfield>
    <subfield code="2">URB B2</subfield>
  </datafield>
  <datafield tag="899" ind1=" " ind2=" ">
    <subfield code="a">Biblioteca provinciale dei frati minori cappuccini di Sardegna. Cagliari</subfield>
    <subfield code="1">CA0015</subfield>
    <subfield code="2">ZCA 02</subfield>
  </datafield>
  <datafield tag="899" ind1=" " ind2=" ">
    <subfield code="a">Biblioteca universitaria. Cagliari</subfield>
    <subfield code="1">CA0194</subfield>
    <subfield code="2">CAG UC</subfield>
  </datafield>
  <datafield tag="899" ind1=" " ind2=" ">
    <subfield code="a">Biblioteca della Societ ̉economica. Chiavari</subfield>
    <subfield code="1">GE0011</subfield>
    <subfield code="2">LI3 30</subfield>
  </datafield>
  <datafield tag="899" ind1=" " ind2=" ">
    <subfield code="a">Biblioteca statale. Lucca</subfield>
    <subfield code="1">LU0022</subfield>
    <subfield code="2">LUA BL</subfield>
  </datafield>
  <datafield tag="899" ind1=" " ind2=" ">
    <subfield code="a">Biblioteca universitaria. Sassari</subfield>
    <subfield code="1">SS0073</subfield>
    <subfield code="2">CAG US</subfield>
  </datafield>
  <datafield tag="921" ind1=" " ind2=" ">
    <subfield code="a">IT\ICCU\CNCM\000551</subfield>
    <subfield code="b">Ape posata su un fiore. In cornice figurata.</subfield>
    <subfield code="e">Pasco ut prosim; Cm forti vigilo</subfield>
    <subfield code="c">V31</subfield>
    <subfield code="c">Z104</subfield>
    <subfield code="d">Dimensione: 4,6 x 5,4</subfield>
    <subfield code="f">APE</subfield>
    <subfield code="f">FIORE</subfield>
    <subfield code="f">PASCOUTPRO</subfield>
    <subfield code="g">1566-1580</subfield>
  </datafield>
</record>
</collection>
